@article{cardinale2012biodiversity,
  title={Biodiversity loss and its impact on humanity},
  author={Cardinale, Bradley J and Duffy, J Emmett and Gonzalez, Andrew and Hooper, David U and Perrings, Charles and Venail, Patrick and Narwani, Anita and Mace, Georgina M and Tilman, David and Wardle, David A and others},
  journal={Nature},
  volume={486},
  number={7401},
  pages={59},
  year={2012},
  publisher={Nature Publishing Group}
}
